<record><leader>00000cas a22000007a 4500</leader><controlfield tag="001">10896806</controlfield><controlfield tag="008">840628d18681896iauwr ne      0    0eng d</controlfield><datafield ind1=" " ind2=" " tag="010"><subfield code="a">sn 84027142 </subfield></datafield><datafield ind1=" " ind2=" " tag="040"><subfield code="a">NPU</subfield><subfield code="b">eng</subfield><subfield code="c">NPU</subfield><subfield code="d">NPX</subfield><subfield code="d">INP</subfield><subfield code="d">MGN</subfield><subfield code="d">OCLCQ</subfield></datafield><datafield ind1=" " ind2=" " tag="042"><subfield code="a">msc</subfield></datafield><datafield ind1="0" ind2=" " tag="130"><subfield code="a">Northern vindicator (Estherville, Iowa : 1868)</subfield></datafield><datafield ind1="1" ind2="0" tag="245"><subfield code="a">Northern vindicator.</subfield></datafield><datafield ind1="1" ind2="3" tag="246"><subfield code="a">Vindicator</subfield></datafield><datafield ind1=" " ind2=" " tag="260"><subfield code="a">Estherville, Emmet County, Iowa :</subfield><subfield code="b">Northrop &amp; Bates,</subfield><subfield code="c">1868-1896.</subfield></datafield><datafield ind1=" " ind2=" " tag="300"><subfield code="a">28 v. ;</subfield><subfield code="c">61 cm.</subfield></datafield><datafield ind1=" " ind2=" " tag="310"><subfield code="a">Weekly</subfield></datafield><datafield ind1="0" ind2=" " tag="362"><subfield code="a">Vol. 1, no. 1 (Dec. 14, 1868)-v. 28, no. 7 (July 30, 1896).</subfield></datafield><datafield ind1=" " ind2=" " tag="500"><subfield code="a">Publisher varies.</subfield></datafield><datafield ind1=" " ind2=" " tag="500"><subfield code="a">Republican, &lt;1876&gt;.</subfield></datafield><datafield ind1=" " ind2=" " tag="500"><subfield code="a">Editor: C.W. Jarvis, &lt;1876&gt;.</subfield></datafield><datafield ind1=" " ind2=" " tag="515"><subfield code="a">Issues for &lt;Aug. 8, 1879&gt;-July 30, 1896 called &lt;vol. 11, no. 7&gt;-vol. 28, no. 7.</subfield></datafield><datafield ind1=" " ind2=" " tag="752"><subfield code="a">United States</subfield><subfield code="b">Iowa</subfield><subfield code="c">Emmet</subfield><subfield code="d">Estherville.</subfield></datafield><datafield ind1="0" ind2="0" tag="785"><subfield code="t">Semi-weekly northern vindicator</subfield><subfield code="w">(DLC)sn 87057777</subfield></datafield></record>